@book{Menke_2018_GEO,
  title={Geophysical data analysis: Discrete inverse theory},
  author={Menke, William},
  year={2018},
  publisher={Academic press}
}

